@article{BAIANO2020,
title = {Edible insects: An overview on nutritional characteristics, safety, farming, production technologies, regulatory framework, and socio-economic and ethical implications},
journal = {Trends in Food Science \& Technology},
volume = {100},
pages = {35-50},
year = {2020},
issn = {0924-2244},
doi = {https://doi.org/10.1016/j.tifs.2020.03.040},
url = {https://www.sciencedirect.com/science/article/pii/S0924224419302511},
author = {Antonietta Baiano},
keywords = {Consumer acceptance, Edible insect, Novel food, Nutrition, Regulations, Safety}
}

@article{buzzfood,
author = {Kai Kupferschmidt },
title = {Buzz food},
journal = {Science},
volume = {350},
number = {6258},
pages = {267-269},
year = {2015},
doi = {10.1126/science.350.6258.267},
URL = {https://www.science.org/doi/abs/10.1126/science.350.6258.267},
eprint = {https://www.science.org/doi/pdf/10.1126/science.350.6258.267}}

@article{ku2021,
  title={How Automation is Transforming the Farming Industry},
  author={Linly Ku},
  journal={Plug and Play Tech Center},
  year = {2021},
  URL={https://www.plugandplaytechcenter.com/resources/how-automation-transforming-farming-industry/}
}

@INPROCEEDINGS{Lynch,
  author={Lynch, Liam and Newe, Thomas and Clifford, John and Coleman, Joseph and Walsh, Joseph and Toal, Daniel},
  booktitle={2018 12th International Conference on Sensing Technology (ICST)}, 
  title={Automated Ground Vehicle (AGV) and Sensor Technologies- A Review}, 
  year={2018},
  volume={},
  number={},
  pages={347-352},
  doi={10.1109/ICSensT.2018.8603640}}

@article{climatechange,
    author = {\textup{United Nations}},
    title = {\textup{Climate Change}},
    journal = {\textup{United Nations}},
    url = "https://www.un.org/en/global-issues/climate-change"
}

@article{globalissues,
    author = {\textup{United Nations}},
    title = {\textup{Global Issues}},
    journal = {\textup{United Nations}},
    url = "https://www.un.org/en/global-issues"
}
@article{climatecrisis,
    author = {\textup{United Nations}},
    title = {\textup{The Climate Crisis – A Race We Can Win.}},
    journal = {\textup{United Nations}},
    url = "https://www.un.org/en/un75/climate-crisis-race-we-can-win"
}
@article{population,
    author = {\textup{United Nations}},
    title = {\textup{Population}},
    journal = {\textup{United Nations}},
    url = "https://www.un.org/en/global-issues/population"
}

@INPROCEEDINGS{walenta2017,
  author={Walenta, Robert and Schellekens, Twan and Ferrein, Alexander and Schiffer, Stefan},
  booktitle={2017 IEEE AFRICON}, 
  title={A decentralised system approach for controlling AGVs with ROS}, 
  year={2017},
  volume={},
  number={},
  pages={1436-1441},
  doi={10.1109/AFRCON.2017.8095693}}

@article{zheng2022,
  author = {Zhaolun Zheng and Yujun Lu},
  title ={Research on AGV trackless guidance technology based on the global vision},
  journal = {Science Progress},
  volume = {105},
  number = {3},
  pages = {00368504221103766},
  year = {2022},
  doi = {10.1177/00368504221103766},
  note ={PMID: 35775591},
  URL = { https://doi.org/10.1177/00368504221103766}
  }

@INPROCEEDINGS{ronzini2011,
  author={Ronzoni, Davide and Olmi, Roberto and Secchi, Cristian and Fantuzzi, Cesare},
  booktitle={2011 IEEE International Conference on Robotics and Automation}, 
  title={AGV global localization using indistinguishable artificial landmarks}, 
  year={2011},
  volume={},
  number={},
  pages={287-292},
  doi={10.1109/ICRA.2011.5979759}}

@article{kostov2015,
author = {Kostov, Mitko and Kostova, Violeta and Markoska, Ramona},
year = {2015},
month = {01},
pages = {42-46},
title = {AGV Guidance System Simulations with a Programmable Robotics Kit},
volume = {7},
journal = {International Journal Reasoning-based Intelligent Systems},
doi = {10.1504/IJRIS.2015.070911}
}

@INPROCEEDINGS{isozaki2011,
  author={Isozaki, Naoya and Chugo, Daisuke and Yokota, Sho and Takase, Kunikatsu},
  booktitle={2011 IEEE International Conference on Mechatronics and Automation}, 
  title={Camera-based AGV navigation system for indoor environment with occlusion condition}, 
  year={2011},
  volume={},
  number={},
  pages={778-783},
  doi={10.1109/ICMA.2011.5985760}}

@article{CHIKURTEV2021,
title = {Mobile robot localization and navigation using LIDAR and indoor GPS},
journal = {IFAC-PapersOnLine},
volume = {54},
number = {13},
pages = {351-356},
year = {2021},
note = {20th IFAC Conference on Technology, Culture, and International Stability TECIS 2021},
issn = {2405-8963},
doi = {https://doi.org/10.1016/j.ifacol.2021.10.472},
url = {https://www.sciencedirect.com/science/article/pii/S2405896321019091},
author = {Denis Chikurtev and Nayden Chivarov and Stefan Chivarov and Ava Chikurteva}
}

@article{ipcc,
    author = {\textup{IPCC (Intergovernmental Panel on Climate Change)}},
    title = {\textup{Global Warming of 1.5°C. IPCC}},
    year={2018},
    journal = {\textup{IPCC}},
    url = "https://www.ipcc.ch/sr15/"
}
@article{4084563,
  author={Grisetti, Giorgio and Stachniss, Cyrill and Burgard, Wolfram},
  journal={IEEE Transactions on Robotics}, 
  title={Improved Techniques for Grid Mapping With Rao-Blackwellized Particle Filters}, 
  year={2007},
  volume={23},
  number={1},
  pages={34-46},
  doi={10.1109/TRO.2006.889486}}

@article{dijkstra,
    author = {Dijkstra, Edger Wybe},
    title = {A note on two problems in connexion with graphs},
    year={1959},
    journal={Numer. Math.},
    volume = {1},
    pages = {269–271},
    doi = {https://doi.org/10.1007/BF01386390}
}

@inproceedings{amcl,
author = {Fox, Dieter and Burgard, Wolfram and Dellaert, Frank and Thrun, Sebastian},
year = {1999},
month = {01},
pages = {343-349},
title = {Monte Carlo Localization: Efficient Position Estimation for Mobile Robots},
journal = {Proceedings of the National Conference on Artificial Intelligence}
}
% TODO: LAW 2020, Insect Farming: The Industry set to be Worth $8 Billion by 2030.

